@misc{ncdc,
    author = {National Oceanic and Atmospheric Administration},
    title = {{U.S. Tornado Climatology}},
    year = 2013,
    howpublished = {\url{http://www.ncdc.noaa.gov/oa/climate/severeweather/tornadoes.html}},
    note = "Online; accessed 15-February-2013; less than 100MB"
}
@misc{bom,
    author = {Australian Government},
    title = {{S.O.I. (Southern Oscillation Index) Archives}},
    year = 2013,
    howpublished = {\url{http://www.bom.gov.au/climate/current/soihtm1.shtml}},
    note = "Online; accessed 15-February-2013; less than 1MB"
}

@misc{mdisc,
    author = {National Aeronautics and Space Administration},
    title = {{MERRA Data Holdings}},
    year = 2013,
    howpublished = {\url{http://disc.sci.gsfc.nasa.gov/daac-bin/DataHoldings.pl}},
    note = "Online; accessed 15-February-2013; less than 100TB"
}

@misc{hdss,
    author = {National Oceanic and Atmospheric Administration},
    title = {{HDSS Access System}},
    year = 2013,
    howpublished = {\url{http://has.ncdc.noaa.gov/pls/plhas/HAS.FileAppSelect?datasetname=7000}},
    note = "Online; accessed 15-February-2013; less than 1.6TB"
}

@misc{jenkins,
    author = {Jenkins},
    title = {{An extendable open source continuous integration server}},
    year = 2013,
    howpublished = {\url{http://jenkins-ci.org}},
    note = "Online; accessed 22-February-2013"
}

@misc{cassandra,
    author = {Cassandra},
    title = {{The Apache Cassandra Project}},
    year = 2013,
    howpublished = {\url{http://cassandra.apache.org}},
    note = "Online; accessed 24-February-2013"
}

@misc{materialized_views,
    author = {Wikipedia},
    title = {{Materialized Views}},
    year = 2013,
    howpublished = {\url{http://en.wikipedia.org/wiki/Materialized_view}},
    note = "Online; accessed 24-February-2013"
}

@misc{point_in,
    author = {CSC},
    title = {{POINT IN Development}},
    year = 2013,
    howpublished = {\url{https://c3.csc.com/groups/point-in-developmen?view=over}},
    note = "Online; accessed 10-March-2013"
}