@misc {climatedgeurl,
    howpublished = "\url{http://www.csc.com/public_sector/offerings/59474/82693-climatedge_risk_sector_reports}",
    title ={{ClimatEdge Risk-Sector Reports}},
    author = {CSC},
    year = 2012,
    note = "Online; accessed 23-December-2012"
}
@unpublished {methods,
    author = {Walker Ph.D., D.},
    title = {{ClimatEdge Methods}},
    organization = {CSC}, 
    month ={September},
    year = 2012,
    note = {unpublished}    
}
@misc {giovanni,
    howpublished = "\url{http://disc.sci.gsfc.nasa.gov/mdisc/additional/tools}",
    title ={{Visualization Tools}},
    author = {NASA Goddard Earth Science Data and Information Services Center},
    year = 2013,
    note = "Online; accessed 4-January-2013"
}