@misc {hdf,
    howpublished = "\url{http://disc.sci.gsfc.nasa.gov/mdisc/data-holdings/merra/merra_products_nonjs.shtml}",
    title ={{MERRA Products}},
    author = {NASA Goddard Earth Science Data and Information Services Center},
    year = 2013,
    note = "Online; accessed 4-January-2013"
}
@misc{stonebraker,
    author = {Stonebraker, M.},
    title = {{What Does 'Big Data' Mean?}},
    number = {September 21},
    month = {September},
    year = 2012,
    howpublished = {\url{http://cacm.acm.org/blogs/blog-cacm/155468-what-does-big-data-mean/fulltext}}
}

@misc{csc_press1,
    author = {CSC},
    title = {{Big Data Meets Presidential Politics}},
    year = 2013,
    howpublished = {\url{http://www.csc.com/big_data/publications/91710/94409-big_data_meets_presidential_politics}},
    note = "Online; accessed 28-January-2013"
}






